%% This BibTeX bibliography file was created using BibDesk.
%% https://bibdesk.sourceforge.io/

%% Created for Lorenzo Tecchia at 2023-05-19 13:07:52 +0200 


%% Saved with string encoding Unicode (UTF-8) 



@book{Sommerville:2004aa,
	address = {Boston},
	annote = {LDR    01139cam  22003134a 4500
001    13536158
005    20060728094301.0
008    040325s2004    maua     b    001 0 eng  
906    $a7$bcbc$corignew$d1$eecip$f20$gy-gencatlg
925 0  $aacquire$b1 shelf copy$xpolicy default
955    $ajf03 2004-03-25$cjf03 2004-03-25 to Subj.$djf02 2004-03-26 to sl$ejf12 2004-03-26 to Dewey$aaa24 2004-03-26$aps05 2006-07-26 1 copy rec'd., to CIP ver.$fpv17 2006-07-28 Z-CipVer
010    $a  2004007038
015    $aGBA4X7948$2bnb
016 7  $a012873166$2Uk
020    $a0321210263
035    $a(OCoLC)ocm54826043
040    $aDLC$cDLC$dYDX$dBAKER$dUKM$dNLGGC$dDLC
042    $apcc
050 00 $aQA76.758$b.S657 2004
082 00 $a005.1$222
084    $a54.52$2bcl
100 1  $aSommerville, Ian.
245 10 $aSoftware engineering /$cIan Sommerville.
250    $a7th ed.
260    $aBoston :$bPearson/Addison-Wesley,$c2004.
300    $axxii, 759 p. :$bill. ;$c24 cm.
440  0 $aInternational computer science series
504    $aIncludes bibliographical references (p. [727]-742) and index.
650  0 $aSoftware engineering.
},
	author = {Sommerville, Ian},
	call-number = {QA76.758},
	date-added = {2023-05-19 13:07:46 +0200},
	date-modified = {2023-05-19 13:07:46 +0200},
	dewey-call-number = {005.1},
	edition = {7th ed},
	genre = {Software engineering},
	isbn = {0321210263},
	library-id = {2004007038},
	publisher = {Pearson/Addison-Wesley},
	title = {Software engineering},
	year = {2004}}

@misc{cockburnComingSoon,
	date-added = {2023-05-19 13:07:18 +0200},
	date-modified = {2023-05-19 13:07:18 +0200},
	howpublished = {\url{http://alistair.cockburn.us/Use+case+fundamentals}},
	note = {[Accessed 19-May-2023]},
	title = {{C}oming {S}oon --- alistair.cockburn.us}}

@book{Adolph:2003aa,
	address = {Boston},
	annote = {LDR    01213cam  22002894a 4500
001    12790137
005    20021021112630.0
008    020528s2003    maua     b    001 0 eng  
906    $a7$bcbc$corignew$d1$eocip$f20$gy-gencatlg
925 0  $aacquire$b2 shelf copies$xpolicy default
955    $apc21 2002-05-28 to ASCD$cjf05 2002-05-29 to subj.$djf09 2002-05-29 to sl$ejf12 2002-05-30 to Dewey$aaa21 2002-05-30$aps16 2002-09-19 bk rec'd, to CIP ver.$ajf00 2002-09-25;$fjf04 2002-10-18 to S.L.$ejf12 2002-10-21 to BCCD
010    $a  2002074419
020    $a0201721848
040    $aDLC$cDLC$dDLC
042    $apcc
050 00 $aQA76.76.P37$bP38 2003
082 00 $a005.1$221
100 1  $aAdolph, Steve.
245 10 $aPatterns for effective use cases /$cSteve Adolph and Paul Bramble ; with contributions by Alistair Cockburn and Andy Pols.
260    $aBoston :$bAddison-Wesley,$cc2003.
300    $axxii, 236 p. :$bill. ;$c24 cm.
440  4 $aThe agile software development series
504    $aIncludes bibliographical references (p. 217-218) and index.
650  0 $aSoftware patterns.
650  0 $aApplication software$xDevelopment.
650  0 $aUse cases (Systems engineering)
700 1  $aBramble, Paul.
},
	author = {Adolph, Steve and Bramble, Paul},
	call-number = {QA76.76.P37},
	date-added = {2023-05-19 13:05:29 +0200},
	date-modified = {2023-05-19 13:05:29 +0200},
	dewey-call-number = {005.1},
	genre = {Software patterns},
	isbn = {0201721848},
	library-id = {2002074419},
	publisher = {Addison-Wesley},
	title = {Patterns for effective use cases},
	year = {2003}}
