%% This BibTeX bibliography file was created using BibDesk.
%% https://bibdesk.sourceforge.io/

%% Created for Lorenzo Tecchia at 2023-04-22 16:33:51 +0200 


%% Saved with string encoding Unicode (UTF-8) 



@book{:2011aa,
	address = {Glasgow},
	annote = {LDR    00970cam  2200277 a 4500
001    16858642
005    20110728164207.0
008    110706s2011    stk      d    000 0 eng  
906    $a7$bcbc$corigres$d2$encip$f20$gy-gencatlg
925 0  $aacquire$b2 shelf copies$xpolicy default
955    $bhf04 2011-07-06 z-processor to USAN/UKI$ihf10 2011-07-28 to BCCD
010    $a  2011431382
020    $a9780007337460 (pbk.)
040    $aDLC$cDLC
042    $apcc
050 00 $aPE1628$b.C549 2011
245 00 $aCollins English dictionary \& thesaurus.
246 30 $aEnglish dictionary \& thesaurus
250    $a4th ed.
260    $aGlasgow :$bHarperCollins,$c2011.
300    $avi, 986 p. ;$c20 cm.
500    $aRev. ed. of: Collins English dictionary. 1994.
650  0 $aEnglish language$vDictionaries.
650  0 $aEnglish language$xSynonyms and antonyms$vDictionaries.
730 0  $aCollins English dictionary.
923    $apurchase$d20110706$n3205228$sAskews and Holts
},
	call-number = {PE1628},
	date-added = {2023-04-22 16:29:15 +0200},
	date-modified = {2023-04-22 16:29:15 +0200},
	edition = {4th ed},
	genre = {English language},
	isbn = {9780007337460 (pbk.)},
	library-id = {2011431382},
	publisher = {HarperCollins},
	title = {Collins English dictionary \& thesaurus},
	year = {2011}}

@article{8055462,
	date-added = {2023-04-22 15:58:59 +0200},
	date-modified = {2023-04-22 15:58:59 +0200},
	doi = {10.1109/IEEESTD.2017.8055462},
	journal = {IEEE Std 1012-2016 (Revision of IEEE Std 1012-2012/ Incorporates IEEE Std 1012-2016/Cor1-2017)},
	pages = {1-260},
	title = {IEEE Standard for System, Software, and Hardware Verification and Validation},
	year = {2017},
	bdsk-url-1 = {https://doi.org/10.1109/IEEESTD.2017.8055462}}

@book{alma990004140290402883,
	address = {Englewood Cliffs, NJ},
	author = {Ghezzi, Carlo},
	booktitle = {Fundamentals of software engineering},
	date-added = {2023-04-21 14:51:25 +0200},
	date-modified = {2023-04-21 14:51:25 +0200},
	isbn = {0-13-820432-2},
	keywords = {Software Engineering},
	language = {eng},
	publisher = {Prentice Hall [u.a.]},
	title = {Fundamentals of software engineering / Carlo Ghezzi ; Mehdi Jazayeri ; Dino Mandrioli.},
	year = {1991}}

@url{asana_2022,
	author = {Asana, Team},
	date-added = {2023-04-21 14:48:34 +0200},
	date-modified = {2023-04-21 14:49:57 +0200},
	title = {Project Managment Triangle},
	urldate = {https://asana.com/resources/project-management-triangle}}

@book{Sommerville:1986aa,
	address = {London, U.K.},
	annote = {LDR    00861cam  2200241 a 4500
001    2898400
005    19990308082500.2
008    870115s1986    enka     b    101 0 eng  
035    $9(DLC)   87104507
906    $a7$bcbc$corignew$d3$encip$f19$gy-gencatlg
010    $a   87104507 
020    $a0863410774
040    $aDLC$cDLC$dDLC
050 00 $aQA76.751$b.S664 1986
082 00 $a005.3$219
245 00 $aSoftware engineering environments /$cedited by Ian Sommerville.
260    $aLondon, U.K. :$bP. Peregrinus, on behalf of the Institution of Electrical Engineers,$cc1986.
300    $aix, 258 p. :$bill. ;$c24 cm.
440  0 $aIEE computing series ;$v7
504    $aIncludes bibliographies and index.
650  0 $aSoftware engineering$xCongresses.
700 1  $aSommerville, Ian,$d1951-
991    $bc-GenColl$hQA76.751$i.S664 1986$p00034876903$tCopy 1$wBOOKS
},
	author = {Sommerville, Ian},
	call-number = {QA76.751},
	date-added = {2023-04-21 14:38:00 +0200},
	date-modified = {2023-04-21 14:38:00 +0200},
	dewey-call-number = {005.3},
	genre = {Software engineering},
	isbn = {0863410774},
	library-id = {87104507},
	publisher = {P. Peregrinus, on behalf of the Institution of Electrical Engineers},
	title = {Software engineering environments},
	volume = {7},
	year = {1986}}

@book{Deitel:2005aa,
	address = {Upper Saddle River, NJ},
	annote = {LDR    01114cam  22002774a 4500
001    13684074
005    20041110115122.0
008    040811s2005    njua     b    001 0 eng  
906    $a7$bcbc$corignew$d1$eocip$f20$gy-gencatlg
925 0  $aacquire$b2 shelf copies$xpolicy default
955    $apc10 2004-08-11 to ASCD;$cjf03 2004-08-13 to Subj.$djf02 2004-08-13 to sl$ejf12 2004-08-13 to Dewey$aaa05 2004-08-16$aps03 2004-11-02 1 copy rec'd., to CIP ver.;$fjf17 2004-11-05 to SL$ejf12 2004-11-09 to BCCD$ajf00 2004-11-10
010    $a  2004057279
020    $a0131483986
040    $aDLC$cDLC$dDLC
042    $apcc
050 00 $aQA76.73.J38$bD45 2005
082 00 $a005.13/3$222
100 1  $aDeitel, Harvey M.,$d1945-
245 10 $aJava :$bhow to program /$cH.M. Deitel, P.J. Deitel.
250    $a6th ed.
260    $aUpper Saddle River, NJ :$bDeitel :$bPearson/Prentice Hall,$cc2005.
300    $alxvi, 1576, 22 p. :$bcol. ill. ;$c24 cm.
440  0 $aHow to program series
504    $aIncludes bibliographical references and index.
650  0 $aJava (Computer program language)
700 1  $aDeitel, Paul J.
},
	author = {Deitel, Harvey M. and Deitel, Paul J},
	call-number = {QA76.73.J38},
	date-added = {2023-04-21 14:33:52 +0200},
	date-modified = {2023-04-21 14:33:52 +0200},
	dewey-call-number = {005.13/3},
	edition = {6th ed},
	genre = {Java (Computer program language)},
	isbn = {0131483986},
	library-id = {2004057279},
	publisher = {Deitel},
	title = {Java: how to program},
	year = {2005}}
