%% This BibTeX bibliography file was created using BibDesk.
%% https://bibdesk.sourceforge.io/

%% Created for Lorenzo Tecchia at 2023-06-04 21:51:24 +0200 


%% Saved with string encoding Unicode (UTF-8) 



@misc{infoworldBenefitsChallenges,
	author = {James Aley},
	date-added = {2023-06-04 21:51:14 +0200},
	date-modified = {2023-06-04 21:51:14 +0200},
	howpublished = {\url{https://www.infoworld.com/article/3669414/the-benefits-and-challenges-of-event-driven-architecture.html}},
	note = {[Accessed 04-Jun-2023]},
	title = {{T}he benefits and challenges of event-driven architecture --- infoworld.com}}

@misc{spiritofsoftSoftwareArchitecture,
	date-added = {2023-06-04 21:50:45 +0200},
	date-modified = {2023-06-04 21:50:45 +0200},
	howpublished = {\url{https://www.spiritofsoft.com/software-architecture-patterns/}},
	note = {[Accessed 04-Jun-2023]},
	title = {{S}oftware {A}rchitecture {P}atterns; {S}pirit {O}f {S}oft {L}{L}{C} --- spiritofsoft.com}}

@book{Vogel:aa,
	annote = {LDR    01263cam  22003017i 4500
001    16861729
005    20200804115615.0
008    110708s2011    nyua     b    001 0 eng  
906    $a7$bcbc$corignew$d4$eepcn$f20$gy-gencatlg
925 0  $aacquire$b1 shelf copy$xpolicy default
955    $apc17 2011-07-08$axh00 2012-02-08 to USPL/STM$hcg04 2017-08-14 to CALM$urk09 2020-08-04
010    $a  2011933921
020    $a9783642197352$q(alk. paper ;$qhardback)
020    $a9783642197376$q(alk. paper)
020    $z9783642197369$q(e-ISBN)
040    $aDLC$beng$erda$cDLC$dDLC
041 1  $aeng$hger
050 00 $aMLCM 2017/43733 (T)
100 1  $aVogel, Oliver$c(Software architect),$eauthor.
240 10 $aSoftware-Architektur.$lEnglish
245 10 $aSoftware architecture :$ba comprehensive framework and guide for practitioners /$cOliver Vogel, Ingo Arnold, Arif Chughtai, Timo Kehrer ; translator, Tracey Duffy, TSD Translations.
264  1 $aNew York :$bSpringer,$c[2011]
300    $axvi, 478 pages :$billustrations ;$c27 cm
336    $atext$btxt$2rdacontent
337    $aunmediated$bn$2rdamedia
338    $avolume$bnc$2rdacarrier
500    $aTranslation of: Software-Architektur. 2009.
504    $aIncludes bibliographical references and index.
},
	author = {Vogel, Oliver},
	call-number = {MLCM 2017/43733 (T)},
	date-added = {2023-06-01 17:06:25 +0200},
	date-modified = {2023-06-01 17:06:25 +0200},
	isbn = {9783642197352},
	library-id = {2011933921},
	title = {Software architecture: a comprehensive framework and guide for practitioners}}
