@book{Sommerville2004aa,
	address = {Boston},
	annotate = {Chapters:22-23},
	author = {Sommerville, Ian},
	call-number = {QA76.758},
	chapters = {22-23},
	date-added = {2023-06-20 16:34:39 +0200},
	date-modified = {2023-06-20 16:34:39 +0200},
	dewey-call-number = {005.1},
	edition = {7th ed},
	genre = {Software engineering},
	isbn = {0321210263},
	library-id = {2004007038},
	publisher = {Pearson/Addison-Wesley},
	title = {Software engineering},
	year = {2004}
}

@url{unstopEvolutionaryModel,
	author = {Shreeya Thakur},
	title = {{E}volutionary {M}odel {I}n {S}oftware {E}ngineering ({W}ith {E}xamples) // {U}nstop (formerly {D}are2{C}ompete) --- unstop.com},
	url = {https://unstop.com/blog/evolutionary-model-in-software-engineering},
	year = {2022},
}

@url{ibmDeveloper,
	author = {Aiden Gallagher, Jack Dunleavy, Peter Reeves},
	title = {The Waterfall Model: Advantages, disadvantages, and when you should use it},
        url = {https://developer.ibm.com/articles/waterfall-model-advantages-disadvantages/}},
	year = {2019},
}


