%% This BibTeX bibliography file was created using BibDesk.
%% https://bibdesk.sourceforge.io/

%% Created for Lorenzo Tecchia at 2023-05-03 17:28:44 +0200 


%% Saved with string encoding Unicode (UTF-8) 



@book{Fowler:2004aa,
	address = {Boston},
	annote = {LDR    01245cam  22002894a 4500
001    13268755
005    20060821101046.0
008    030710s2004    maua     b    001 0 eng  
906    $a7$bcbc$corignew$d1$eocip$f20$gy-gencatlg
925 0  $aacquire$b1 shelf copy$xpolicy default
955    $apc21 2003-07-10 to ASCD$cjf05 2003-07-14 to subj.$djf02 2003-07-14 to sl$ejf12 2003-07-14 to Dewey$aaa20 2003-07-15$aps04 2006-06-27 1 copy rec'd., to CIP ver.$alg08 2006-06-29 additional copy received$ajf00 2006-07-03$fpv17 2006-08-21 Z-CipVer
010    $a  2003057759
020    $a0321193687 (pbk. : alk. paper)
035    $a(OCoLC)ocm52631384
040    $aDLC$cDLC$dYDX$dOCL$dBAKER$dNLGGC$dUBA$dDLC
042    $apcc
050 00 $aQA76.9.O35$bF695 2004
082 00 $a005.1/17$222
100 1  $aFowler, Martin,$d1963-
245 10 $aUML distilled :$ba brief guide to the standard object modeling language /$cMartin Fowler.
250    $a3rd ed.
260    $aBoston :$bAddison-Wesley,$cc2004.
300    $axxx, 175 p. :$bill. ;$c24 cm.
504    $aIncludes bibliographical references (p. 161-165) and index.
650  0 $aObject-oriented methods (Computer science)
650  0 $aComputer software$xDevelopment.
650  0 $aUML (Computer science)
},
	author = {Fowler, Martin},
	call-number = {QA76.9.O35},
	date-added = {2023-05-03 16:26:53 +0200},
	date-modified = {2023-05-03 16:26:53 +0200},
	dewey-call-number = {005.1/17},
	edition = {3rd ed},
	genre = {Object-oriented methods (Computer science)},
	isbn = {0321193687 (pbk. : alk. paper)},
	library-id = {2003057759},
	publisher = {Addison-Wesley},
	title = {UML distilled: a brief guide to the standard object modeling language},
	year = {2004}}

@url{ibmObjectsModeling,
	date-added = {2023-05-03 16:26:03 +0200},
	date-modified = {2023-05-03 16:26:11 +0200},
	howpublished = {\url{https://www.ibm.com/docs/en/rational-soft-arch/9.5?topic=diagrams-objects}},
	note = {[Accessed 03-May-2023]},
	title = {{O}bjects in {U}{M}{L} modeling --- ibm.com}}

@misc{OMG-UML,
	author = {{Object Management Group (OMG)}},
	date-added = {2023-05-03 14:10:52 +0200},
	date-modified = {2023-05-03 14:13:40 +0200},
	howpublished = {OMG Document Number formal/2017-12-01 (\url{http/2017-12-01 (\url{https://www.omg.org/spec/UML/2.5.1/PDF})}},
	title = {Unified Modeling Language {(UML)} Specification},
	year = 2017}

@url{uwlaxInformalSemanticsClass,
	date-added = {2023-05-03 13:56:47 +0200},
	date-modified = {2023-05-03 13:57:13 +0200},
	howpublished = {\url{https://cs.uwlax.edu/~mzheng/CS743Fall19/ClassDiagrams.html}},
	note = {[Accessed 03-May-2023]},
	title = {{I}nformal {S}emantics for {U}{M}{L} {C}lass {D}iagrams --- cs.uwlax.edu}}

@url{uwlaxInformalSemanticsSequence,
	date-added = {2023-05-03 13:55:50 +0200},
	date-modified = {2023-05-03 13:57:08 +0200},
	howpublished = {\url{https://cs.uwlax.edu/~mzheng/CS743Fall19/SequenceDiagrams.html}},
	note = {[Accessed 03-May-2023]},
	title = {{I}nformal {S}emantics for {U}{M}{L} {S}equence {D}iagrams --- cs.uwlax.edu}}
