%% This BibTeX bibliography file was created using BibDesk.
%% https://bibdesk.sourceforge.io/

%% Created for Lorenzo Tecchia at 2023-06-23 17:12:21 +0200 


%% Saved with string encoding Unicode (UTF-8) 



@misc{stackexchangeDevelopersTest,
	date-added = {2023-06-23 16:44:49 +0200},
	date-modified = {2023-06-23 16:44:49 +0200},
	howpublished = {\url{https://softwareengineering.stackexchange.com/questions/77146/why-to-let-not-let-developers-test-their-own-work}},
	note = {[Accessed 23-Jun-2023]},
	title = {{W}hy to let / not let developers test their own work --- softwareengineering.stackexchange.com}}

@misc{geeksTopBottom,
	date-added = {2023-06-23 16:15:41 +0200},
	date-modified = {2023-06-23 16:15:52 +0200},
	howpublished = {\url{https://www.geeksforgeeks.org/difference-between-top-down-and-bottom-up-integration-testing/}},
	note = {[Accessed 23-Jun-2023]},
	title = {{D}ifference between {T}op {D}own and {B}ottom {U}p {I}ntegration {T}esting - {G}eeksfor{G}eeks --- geeksforgeeks.org}}

@misc{geeksforgeeks,
	date-added = {2023-06-23 16:07:32 +0200},
	date-modified = {2023-06-23 16:07:47 +0200},
	howpublished = {\url{https://www.geeksforgeeks.org/differences-between-testing-and-debugging/}},
	note = {[Accessed 23-Jun-2023]},
	title = {{D}ifferences between {T}esting and {D}ebugging - {G}eeksfor{G}eeks --- geeksforgeeks.org}}

@misc{bmcPerformanceTesting,
	author = {Austin Miller},
	date-added = {2023-06-23 16:03:03 +0200},
	date-modified = {2023-06-23 16:03:03 +0200},
	howpublished = {\url{https://www.bmc.com/blogs/load-testing-performance-testing-and-stress-testing-explained/}},
	note = {[Accessed 23-Jun-2023]},
	title = {{P}erformance {T}esting, {L}oad {T}esting \& {S}tress {T}esting {E}xplained --- bmc.com}}

@misc{wikipediaWhiteboxTesting,
	author = {Multiples},
	date-added = {2023-06-23 15:58:23 +0200},
	date-modified = {2023-06-23 16:03:19 +0200},
	howpublished = {\url{https://en.wikipedia.org/wiki/White-box_testing}},
	note = {[Accessed 23-Jun-2023]},
	title = {{W}hite-box testing - {W}ikipedia --- en.wikipedia.org}}

@misc{toolsqaWhatDifference,
	author = {Lakshay Sharma},
	date-added = {2023-06-23 15:48:19 +0200},
	date-modified = {2023-06-23 15:48:19 +0200},
	howpublished = {\url{https://www.toolsqa.com/software-testing/istqb/error-defect-failure/}},
	note = {[Accessed 23-Jun-2023]},
	title = {{W}hat is the {D}ifference between {E}rror, {D}efect, and {F}ailure? --- toolsqa.com}}

@misc{techtargetWhatTest,
	date-added = {2023-06-23 15:44:07 +0200},
	date-modified = {2023-06-23 15:44:07 +0200},
	howpublished = {\url{https://www.techtarget.com/searchsoftwarequality/definition/test-case}},
	note = {[Accessed 23-Jun-2023]},
	title = {{W}hat is a {T}est {C}ase? --- techtarget.com}}

@book{Sommerville:2004aa,
	address = {Boston},
	annotate = {Chapters:22-23},
	author = {Sommerville, Ian},
	call-number = {QA76.758},
	chapters = {22-23},
	date-added = {2023-06-20 16:34:39 +0200},
	date-modified = {2023-06-20 16:34:39 +0200},
	dewey-call-number = {005.1},
	edition = {7th ed},
	genre = {Software engineering},
	isbn = {0321210263},
	library-id = {2004007038},
	publisher = {Pearson/Addison-Wesley},
	title = {Software engineering},
	year = {2004}}
