%% This BibTeX bibliography file was created using BibDesk.
%% https://bibdesk.sourceforge.io/

%% Created for Lorenzo Tecchia at 2023-06-09 15:53:29 +0200 


%% Saved with string encoding Unicode (UTF-8) 



@url{stackoverflowWhatsDifference,
	date-added = {2023-06-09 15:53:20 +0200},
	date-modified = {2023-06-09 15:53:25 +0200},
	howpublished = {\url{https://stackoverflow.com/questions/4243187/whats-the-difference-between-design-patterns-and-architectural-patterns}},
	note = {[Accessed 09-Jun-2023]},
	title = {{W}hat's the difference between design patterns and architectural patterns? --- stackoverflow.com}}

@url{stackoverflowProxyDecorator,
	date-added = {2023-06-09 14:58:22 +0200},
	date-modified = {2023-06-09 14:58:27 +0200},
	howpublished = {\url{https://stackoverflow.com/questions/350404/how-do-the-proxy-decorator-adapter-and-bridge-patterns-differ}},
	note = {[Accessed 09-Jun-2023]},
	title = {{H}ow do the {P}roxy, {D}ecorator, {A}dapter, and {B}ridge {P}atterns differ? --- stackoverflow.com}}

@book{deitel2009java,
	author = {Deitel, Paul J and Deitel, Harvey M},
	date-added = {2023-06-09 13:17:44 +0200},
	date-modified = {2023-06-09 13:17:44 +0200},
	publisher = {Pearson education},
	title = {Java for programmers},
	year = {2009}}

@url{stackexchangeThereDifference,
	date-added = {2023-06-09 13:12:34 +0200},
	date-modified = {2023-06-09 13:12:39 +0200},
	howpublished = {\url{https://softwareengineering.stackexchange.com/questions/178927/is-there-a-difference-between-a-component-and-a-module}},
	note = {[Accessed 09-Jun-2023]},
	title = {{I}s there a difference between a component and a module --- softwareengineering.stackexchange.com}}

@url{geeksforgeeksSoftwareEngineering,
	date-added = {2023-06-09 13:11:53 +0200},
	date-modified = {2023-06-09 13:12:45 +0200},
	howpublished = {\url{https://www.geeksforgeeks.org/software-engineering-differences-between-coupling-and-cohesion/}},
	note = {[Accessed 09-Jun-2023]},
	title = {{S}oftware {E}ngineering | {D}ifferences between {C}oupling and {C}ohesion - {G}eeksfor{G}eeks --- geeksforgeeks.org}}

@article{gamma1995elements,
	author = {Gamma, Erich and Helm, Richard and Johnson, Ralph and Vlissides, John and Patterns, Design},
	date-added = {2023-06-08 19:41:58 +0200},
	date-modified = {2023-06-08 19:41:58 +0200},
	journal = {Design Patterns},
	title = {Elements of Reusable Object-Oriented Software},
	year = {1995}}
